@MISC{IdentitiesInRascalTriangle_2024,
    author = {{Kolosov, Petro}},
    title = {{Identities in Iterated Rascal Triangles}},
    howpublished = {Available electronically at \url {https://github.com/kolosovpetro/IdentitiesInRascalTriangle}},
    year = {2024}
}
