# Articles

@article{gibbs2024two,
    title = {{Two Combinatorial Interpretations of Rascal Numbers}},
    author = {Gibbs, Amelia and Miceli, Brian K.},
    journal = {{arXiv preprint arXiv:2405.11045}},
    note = {\url {https://arxiv.org/abs/2405.11045}},
    year = {2024}
}

@article{hotchkiss2019generalized,
    title = {{Generalized Rascal Triangles}},
    author = {{Hotchkiss, Philip K.}},
    journal = {{arXiv preprint arXiv:1907.11159}},
    note = {\url {https://arxiv.org/abs/1907.11159}},
    year = {2019}
}

@article{gregory2023iterated,
    title = {Iterated rascal triangles},
    author = {{Gregory, Jena and Kronholm, Brandt and White, Jacob}},
    journal = {{Aequationes mathematicae}},
    pages = {1--18},
    year = {2023},
    note = {\url {https://doi.org/10.1007/s00010-023-00987-6}},
    publisher = {{Springer}}
}

@article{anggoro2010rascal,
    title = {{The Rascal Triangle}},
    author = {{Anggoro, Alif and Liu, Eddy and Tulloch, Angus}},
    journal = {{The College Mathematics Journal}},
    volume = {41},
    number = {5},
    pages = {393--395},
    year = {2010},
    note = {\url {https://doi.org/10.4169/074683410X521991}},
    publisher = {Taylor \& Francis}
}

@book{andrews1999special,
    title = {{Special functions}},
    author = {{Andrews, George E. and Askey, Richard and Roy, Ranjan and Roy, Ranjan and Askey, Richard}},
    volume = {71},
    year = {2000},
    publisher = {{Cambridge university press Cambridge}}
}

@misc{kolosov2024identities,
    title = {{Identities in Iterated Rascal Triangles Mathematica programs}},
    author = {{Kolosov, Petro}},
    journal = {{https://github.com/kolosovpetro/IdentitiesInRascalTriangle}},
    note = {\url {https://github.com/kolosovpetro/IdentitiesInRascalTriangle}},
    year = {2024}
}

#OEIS

@misc{sloane2002rascal,
    title = {{The Rascal triangle read by rows. Entry A077028 in The On-Line Encyclopedia of Integer Sequences}},
    author = {{Sloane, N. J. A.}},
    journal = {{The On-Line Encyclopedia of Integer Sequences}},
    number = {{A077028}},
    note = {\url {https://oeis.org/A077028}},
    year = {2002}
}

@misc{sloane1994pascal,
    title = {{Pascal's triangle read by rows. Entry A007318 in The On-Line Encyclopedia of Integer Sequences}},
    author = {{Sloane, N. J. A.}},
    journal = {{The On-Line Encyclopedia of Integer Sequences}},
    number = {{A007318}},
    note = {\url {https://oeis.org/A007318}},
    year = {1994}
}

@misc{sloane2004sixth,
    title = {{Sixth column of (1,5)-Pascal triangle. Entry A096943 in The On-Line Encyclopedia of Integer Sequences}},
    author = {{Sloane, N. J. A.}},
    journal = {{The On-Line Encyclopedia of Integer Sequences}},
    number = {{A096943}},
    note = {\url {https://oeis.org/A096943}},
    year = {2004}
}

@misc{sloane2004pascal,
    title = {{Pascal (1,5) triangle. Entry A096940 in The On-Line Encyclopedia of Integer Sequences}},
    author = {{Sloane, N. J. A.}},
    journal = {{The On-Line Encyclopedia of Integer Sequences}},
    number = {{A096940}},
    note = {\url {https://oeis.org/A096940}},
    year = {2004}
}

@misc{sloane2009binomial,
    title = {{Binomial coefficient binomial(n,4). Entry A000332 in The On-Line Encyclopedia of Integer Sequences}},
    author = {{Sloane, N. J. A.}},
    journal = {{The On-Line Encyclopedia of Integer Sequences}},
    number = {{A000332}},
    note = {\url {https://oeis.org/A000332}},
    year = {2009}
}

@misc{sloane1995n,
    title = {{Entry A006503 in The On-Line Encyclopedia of Integer Sequences}},
    author = {{Sloane, N. J. A.}},
    journal = {{The On-Line Encyclopedia of Integer Sequences}},
    number = {{A006503}},
    note = {\url {https://oeis.org/A006503}},
    year = {1995}
}

@misc{sloane2004pascal13,
    title = {{Pascal (1,3) triangle. Entry A095660 in The On-Line Encyclopedia of Integer Sequences}},
    author = {{Sloane, N. J. A.}},
    journal = {{The On-Line Encyclopedia of Integer Sequences}},
    number = {{A095660}},
    note = {\url {https://oeis.org/A095660}},
    year = {2004}
}
