@article{bayour2017truly,
    title = {A truly conformable calculus on time scales},
    author = {Bayour, Benaoumeur and Hammoudi, Ahmed and Torres, Delfim FM},
    journal = {arXiv preprint arXiv:1705.08928},
    note = {\url {https://arxiv.org/abs/1705.08928}},
    year = {2017}
}

@article{benkhettou2016conformable,
    title = {A conformable fractional calculus on arbitrary time scales},
    author = {Benkhettou, Nadia and Hassani, Salima and Torres, Delfim FM},
    journal = {Journal of King Saud University-Science},
    volume = {28},
    number = {1},
    pages = {93--98},
    year = {2016},
    publisher = {Elsevier}
}

@article{caputo2009time,
    title = {Time scales: from nabla calculus to delta calculus and vice versa via duality},
    author = {Caputo, M Cristina},
    journal = {arXiv preprint arXiv:0910.0085},
    year = {2009}
}

@article{martins2009calculus,
    title = {Calculus of variations on time scales with nabla derivatives},
    author = {Martins, Nat {\'a} lia and Torres, Delfim FM},
    journal = {Nonlinear Analysis: Theory, Methods \& Applications},
    volume = {71},
    number = {12},
    pages = {e763--e773},
    year = {2009},
    publisher = {Elsevier}
}

@MISC{GithubSource_2022,
    author = {Petro Kolosov},
    title = {{"Github Template" Source files}},
    howpublished = {Available electronically at \url {https://github.com/kolosovpetro/github-latex-template}},
    year = {2022}
}

@MISC{Sloane_theencyclopedia,
    author = {N. J. A. Sloane},
    title = {The On-Line Encyclopedia of Integer Sequences},
    howpublished = {published electronically at \url {https://oeis.org}},
    year = {1964}
}

# Actual references

@article{gibbs2024two,
    title = {{Two Combinatorial Interpretations of Rascal Numbers}},
    author = {Gibbs, Amelia and Miceli, Brian K.},
    journal = {{arXiv preprint arXiv:2405.11045}},
    note = {\url {https://arxiv.org/abs/2405.11045}},
    year = {2024}
}

@article{hotchkiss2019generalized,
    title = {{Generalized Rascal Triangles}},
    author = {{Hotchkiss, Philip K.}},
    journal = {{arXiv preprint arXiv:1907.11159}},
    note = {\url {https://arxiv.org/abs/1907.11159}},
    year = {2019}
}

@article{gregory2023iterated,
    title = {Iterated rascal triangles},
    author = {{Gregory, Jena and Kronholm, Brandt and White, Jacob}},
    journal = {{Aequationes mathematicae}},
    pages = {1--18},
    year = {2023},
    note = {\url {https://scholarworks.utrgv.edu/etd/1050/}},
    publisher = {{Springer}}
}

@article{anggoro2010rascal,
    title = {{The Rascal Triangle}},
    author = {{Anggoro, Alif and Liu, Eddy and Tulloch, Angus}},
    journal = {{The College Mathematics Journal}},
    volume = {41},
    number = {5},
    pages = {393--395},
    year = {2010},
    note = {\url {https://doi.org/10.4169/074683410X521991}},
    publisher = {Taylor \& Francis}
}
